<?xml version="1.0" encoding="UTF-8"?><collection xmlns="http://www.loc.gov/MARC21/slim"><record><leader>00383nam--2200157-i-4500</leader><controlfield tag="001">000035731</controlfield><controlfield tag="002">20161230</controlfield><controlfield tag="005">20170113145115</controlfield><controlfield tag="008">060222s1000------------r-----000-0-eng-d</controlfield><datafield ind1=" " ind2=" " tag="100"><subfield code="a">Ordway, R. J</subfield></datafield><datafield ind1=" " ind2=" " tag="245"><subfield code="a">Physical science</subfield></datafield><datafield ind1=" " ind2=" " tag="260"><subfield code="a">Toronto</subfield><subfield code="b">D.Van Nostrand Co.Inc</subfield><subfield code="c">1961</subfield></datafield><datafield ind1=" " ind2=" " tag="300"><subfield code="a">XI + 825 p</subfield></datafield><datafield ind1=" " ind2=" " tag="700"><subfield code="a">Allen, Donald S</subfield></datafield><datafield ind1=" " ind2=" " tag="852"><subfield code="a">17258</subfield></datafield><datafield ind1=" " ind2=" " tag="CAT"><subfield code="a">SYS</subfield><subfield code="c">20170113</subfield><subfield code="h">145115</subfield></datafield></record></collection>